% This file was created with Citavi 6.3.0.0

@book{Borgwadt.1994,
 author = {Borgwadt, Heidemarie},
 year = {1994},
 title = {Differentialrechnung},
 keywords = {Computer science},
 address = {Wiesbaden and s.l.},
 publisher = {{Gabler Verlag}},
 isbn = {9783409921985},
 series = {Gabler-Studientexte},
 doi = {10.1007/978-3-663-13499-2}
}


@book{Deitmar.2017,
 author = {Deitmar},
 year = {2017},
 title = {Analysis},
 publisher = {{Springer Berlin Heidelberg}},
 isbn = {978-3-662-53351-2},
 file = {http://www.worldcat.org/oclc/1105112354}
}


@book{FRITZSCHE.2020,
 author = {FRITZSCHE, KLAUS},
 year = {2020},
 title = {GRUNDKURS ANALYSIS: Differentiation und Integration in einer Ver{\"a}nderlichen},
 address = {[S.l.]},
 publisher = {SPRINGER},
 isbn = {978-3-662-60812-8},
 file = {http://www.worldcat.org/oclc/1135294131}
}


@misc{JohannesSchneider.2015,
 author = {{Johannes Schneider}},
 editor = {Wikipedia},
 year = {2015},
 title = {Differentialrechnung},
 url = {https://commons.wikimedia.org/w/index.php?curid=38051736},
 urldate = {27.01.2020},
 file = {https://de.wikipedia.org/wiki/Differentialrechnung}
}


@book{Stewart.2015,
 author = {Stewart, James},
 year = {2015},
 title = {Calculus, Early Transcendentals, International Metric Edition},
 address = {Pacific Grove},
 edition = {8th edition},
 publisher = {Brooks/Cole},
 isbn = {9781305272378},
 file = {http://www.worldcat.org/oclc/1100977019}
}


@book{Wendland.2005,
 abstract = {Diese dreisemestrige Einf{\"u}hrung in die Analysis behandelt die Integral- und Differentialrechnung einer und mehrerer Ver{\"a}nderlicher. Daran anschlie{\ss}end werden analytische und einfache numerische Verfahren zur L{\"o}sung gew{\"o}hnlicher Differentialgleichungen besprochen. Der letzte Teil ist Methoden der komplexen Funktionentheorie gewidmet. Zentrales Anliegen dieses Lehrbuches sind die Entwicklung und Anwendung von praktischen Methoden zur L{\"o}sung mathematischer Aufgaben sowie die Konstruktion dieser L{\"o}sungen},
 author = {Wendland, Wolfgang L. and Steinbach, Olaf},
 year = {2005},
 title = {Analysis: Integral- und Differentialrechnung, gew{\"o}hnliche Differentialgleichungen, komplexe Funktionentheorie},
 keywords = {Analysis;Global analysis (Mathematics);Mathematics},
 address = {Wiesbaden},
 edition = {1. Auflage},
 publisher = {Teubner},
 isbn = {9783519005179},
 doi = {10.1007/978-3-322-82962-7},
 file = {https://external.dandelon.com/download/attachments/dandelon/ids/AT001874CB1803AB57C49C12570FB00497CA5.pdf},
 file = {http://zbmath.org/?q=an:1094.26001}
}


